ISA*00*          *00*          *30*341858379      *30*991936736      *250930*0543*^*00501*304157740*0*P*:~GS*HP*ECHOH*991936736*20250930*0543*1*X*005010X221A1~ST*835*000000001~BPR*I*251.64*C*ACH*CCP*01*043301627*DA*1069954659C*1341858379**01*123000848*DA*153912241905*20251001~TRN*1*1210778317*1341858379~DTM*405*20250929~N1*PR*AmeriHealth Caritas North Carolina~N3*PO Box 7380~N4*London*KY*40742~REF*2U*81671~PER*CX*EDI SUPPORT TEAM*FX*4408355656*TE*4408353511~PER*BL*EDI SUPPORT TEAM~N1*PE*MAGNOLIA HEALTH PLLC*XX*1770342354~N3*PO BOX 38282~N4*BELFAST*ME*04915~REF*TJ*991936736~LX*1~CLP*5505V31258*1*250*162.59**MC*606581412400*11*1~NM1*QC*1*ARROWOOD*REID****MI*634088807~NM1*82*2*MOORE, CLAYTON S.*****XX*1225807233~REF*CE*00048862~REF*1L*MXPNN~DTM*232*20250917~DTM*050*20250919~PER*CX**TE*8887880004~AMT*AU*162.59~SVC*HC:95806*250*162.59**1~DTM*472*20250917~CAS*CO*45*87.41*1~REF*6R*60889P31258B2514~AMT*B6*162.59~LQ*HE*N381~CLP*5489V31258*1*260*89.05**MC*606577194400*11*1~NM1*QC*1*DAUGHERTY*CRISTIAN*M***MI*638000270~NM1*82*2*MOORE, CLAYTON S.*****XX*1225807233~REF*CE*00048862~DTM*232*20250916~DTM*050*20250918~PER*CX**TE*8887880004~AMT*AU*89.05~SVC*HC:99214*260*89.05**1~DTM*472*20250916~CAS*CO*45*170.95*1~REF*6R*60710P31258B2508~AMT*B6*89.05~LQ*HE*N381~SVC*HC:1036F*0*0**1~DTM*472*20250916~REF*6R*60711P31258B2508~SVC*HC:3008F*0*0**1~DTM*472*20250916~REF*6R*60712P31258B2508~SVC*HC:3074F*0*0**1~DTM*472*20250916~REF*6R*60713P31258B2508~SE*54*000000001~GE*1*1~IEA*1*304157740~